<record xmlns="http://www.openarchives.org/OAI/2.0/" xmlns:xsi="http://www.w3.org/2001/XMLSchema-instance"><header><identifier>oai:alma.34CSIC_INST:990013484260204201</identifier><datestamp>2020-03-13T08:21:41Z</datestamp><setSpec>manuscripta</setSpec></header><metadata><record xmlns="http://www.loc.gov/MARC21/slim" xmlns:xsi="http://www.w3.org/2001/XMLSchema-instance" xsi:schemaLocation="http://www.loc.gov/MARC21/slim http://www.loc.gov/standards/marcxml/schema/MARC21slim.xsd"><leader>08656ntm a2200697 i 4500</leader><controlfield tag="005">20200312133741.0</controlfield><controlfield tag="008">100618s18831300              000 0 ara d</controlfield><controlfield tag="001">990013484260204201</controlfield><datafield tag="035" ind1=" " ind2=" "><subfield code="a">CSIC001348426</subfield></datafield><datafield tag="035" ind1=" " ind2=" "><subfield code="a">(ES-MaCSI)001348426MAD01-Aleph</subfield></datafield><datafield tag="035" ind1=" " ind2=" "><subfield code="a">(OCoLC)1123823182
</subfield></datafield><datafield tag="040" ind1=" " ind2=" "><subfield code="a">ES-MaCSI</subfield><subfield code="b">spa</subfield></datafield><datafield tag="130" ind1="0" ind2=" "><subfield code="a">Corán.</subfield></datafield><datafield tag="245" ind1="1" ind2="2"><subfield code="a">المصحف الكريم‭</subfield><subfield code="h">[‭Manuscrito]</subfield></datafield><datafield tag="260" ind1=" " ind2=" "><subfield code="c">[1883] 1300 de la Hégira.</subfield></datafield><datafield tag="300" ind1=" " ind2=" "><subfield code="a">135 f. con guardas al principio y al final del volumen ;</subfield><subfield code="c">15 x 16 cm (caja: 12 x 12 cm).</subfield></datafield><datafield tag="490" ind1="1" ind2=" "><subfield code="a">Manuscripta</subfield></datafield><datafield tag="546" ind1=" " ind2=" "><subfield code="a">Arabe</subfield><subfield code="b">Escritura magrebí</subfield></datafield><datafield tag="500" ind1=" " ind2=" "><subfield code="a">Título transliterado: Al-Muṣḥaf al-Karīm</subfield></datafield><datafield tag="500" ind1=" " ind2=" "><subfield code="a">Distribución: 1 col. La mayor parte del volumen tiene 15 o 16 líneas por página. Otras varían desde 10 a 17 líneas</subfield></datafield><datafield tag="500" ind1=" " ind2=" "><subfield code="a">Material: Papel</subfield></datafield><datafield tag="500" ind1=" " ind2=" "><subfield code="a">Tinta: Negra y roja</subfield></datafield><datafield tag="500" ind1=" " ind2=" "><subfield code="a">‪Incipit: ‫(‬بعد البسملة والتصلية) سورة الفَاتحة مكِّيَّهْ بِسْمِ اللهِ الرَّحْمانِ الرَّحِيمْ آلْحَمْدُ ِللهِ رَبِّ آلْعَلَمِين</subfield></datafield><datafield tag="500" ind1=" " ind2=" "><subfield code="a">‪Explicit: الذِي يُوَسْوِسُ فِي صُدُورِ آلْنَّاسِ مِنَ آلْجِنَّةِ وَآلْنَّاسِ</subfield></datafield><datafield tag="500" ind1=" " ind2=" "><subfield code="a">Lugar de escritura: No consta</subfield></datafield><datafield tag="500" ind1=" " ind2=" "><subfield code="a">Fecha completa: sábado 3 ḏū l-ḥiŷŷa 1300 / 4 octubre 1883</subfield></datafield><datafield tag="500" ind1=" " ind2=" "><subfield code="a">مُحَمَّد بنُ مُبارك الزَّموري Copista‭:</subfield></datafield><datafield tag="500" ind1=" " ind2=" "><subfield code="a">‪Colofón: كَمُل المصحف الكَريم بحمد الله وحسن عَونه وتوفيقه الحميد وكَان الفراغ منهُ صَبيحة يوْم السَّبت في شهر ذي الحجَّة بعْد مَا خلت منه ثلاثة3 أيَّام علَى يد كَاتبه مُحَمَّد بنُ مُبارك الزَّموري لطف به الله أمين وصلى الله عَلى سيِدِنَا محمَّد خاتم النبيئين والمرْسلينَ والحمْد لله ربا العالمين عَام 1300</subfield></datafield><datafield tag="500" ind1=" " ind2=" "><subfield code="a">Características especiales: Texto vocalizado</subfield></datafield><datafield tag="500" ind1=" " ind2=" "><subfield code="a">Ilustración: No</subfield></datafield><datafield tag="500" ind1=" " ind2=" "><subfield code="a">Ilustraciones: El símbolo más repetido a lo largo de todo el volumen es una ḍamma tanwīn en tinta roja que indica el fin de una aleya y el comienzo de otra. - Entre oraciones, a modo de decoración, se utilizan tres círculos seguidos (o o o), un solo círculo con un punto en el interior (סּ) o bien tres puntos como los de las letras ث o ش. - Los títulos de las azoras se marcan con tinta roja y un trazo mucho más alargado que el resto</subfield></datafield><datafield tag="500" ind1=" " ind2=" "><subfield code="a">Tipo de cuaderno: No es posible contar los cuadernos ya que el volumen podría deshacerse</subfield></datafield><datafield tag="500" ind1=" " ind2=" "><subfield code="a">Deterioro: Buen estado. En los últimos folios del volumen algunas degradaciones leves de tinta que no afectan al texto</subfield></datafield><datafield tag="500" ind1=" " ind2=" "><subfield code="a">H en blanco: 1r y 135v</subfield></datafield><datafield tag="500" ind1=" " ind2=" "><subfield code="a">H dañadas, mutiladas, sueltas: No</subfield></datafield><datafield tag="500" ind1=" " ind2=" "><subfield code="a">H faltan o añadidas: No</subfield></datafield><datafield tag="500" ind1=" " ind2=" "><subfield code="a">Foliación: Sin foliación original. - Foliación moderna a lápiz hecha por Concepción Castillo Castillo (1983-1984)</subfield></datafield><datafield tag="500" ind1=" " ind2=" "><subfield code="a">Reclamos: Reclamos en tinta negra en el margen inferior izquierdo de todos los folios verso, excepto en el 135v</subfield></datafield><datafield tag="500" ind1=" " ind2=" "><subfield code="a">Sign. cuad.: No</subfield></datafield><datafield tag="500" ind1=" " ind2=" "><subfield code="a">Pautado: Punta seca (casi inapreciable). Líneas rectrices con una regularidad de 8 mm</subfield></datafield><datafield tag="500" ind1=" " ind2=" "><subfield code="a">Filigrana: No</subfield></datafield><datafield tag="563" ind1=" " ind2=" "><subfield code="a">Cartera con solapa de cierre en piel roja sobre cartón con mosaico en piel azul y con decoración repujada de tipo geométrica y floral</subfield></datafield><datafield tag="541" ind1=" " ind2=" "><subfield code="a">Procedencia: M. Gaspar Remiro</subfield></datafield><datafield tag="541" ind1=" " ind2=" "><subfield code="a">Ingreso: No consta</subfield></datafield><datafield tag="500" ind1=" " ind2=" "><subfield code="a">Signatura antigua: VOL. I ; A-5-1 ; 232</subfield></datafield><datafield tag="500" ind1=" " ind2=" "><subfield code="a">Anotaciones: Se indican las distintas divisiones coránicas (ŷuzʼ, niṣf , ṯuluṯ o rubʽ) en los márgenes y doblemente subrayadas. - Correcciones frecuentes en el margen del mismo copista. - Anotación marginal en tinta negra del f. 127v que enmienda las aleyas de la azora CXXII (Los genios) que van del final de la 5 hasta el inicio de la 12. - Antiguo sello de la Universidad de Granada en algunos folios del volumen</subfield></datafield><datafield tag="581" ind1=" " ind2=" "><subfield code="a">Descripción: Catálogo de la Exposición celebrada con motivo del cincuentenario: 1932-1982, Granada, 1982, 16. - Castillo Castillo, C. Manuscritos arábigos que se conservan en la Escuela de Estudios Árabes de Granada. En: Cuadernos de historia del Islam 11 (1984), 216-217. - González García, Sonsoles. Estudio de las encuadernaciones originales datadas de la colección de manuscritos de la Biblioteca de la Escuela de Estudios Árabes de Granada. Granada, 2010. - Manuscritos árabes y fondo antiguo de la Escuela de Estudios Árabes, Granada, 2007, 103.</subfield></datafield><datafield tag="530" ind1=" " ind2=" "><subfield code="a">Microfichas: MICR 13</subfield></datafield><datafield tag="581" ind1=" " ind2=" "><subfield code="a">Edición: No</subfield></datafield><datafield tag="510" ind1="4" ind2=" "><subfield code="a">Catálogo de la Exposición celebrada con motivo del cincuentenario: 1932-1982</subfield><subfield code="c">p. 16</subfield></datafield><datafield tag="510" ind1="4" ind2=" "><subfield code="a">Manuscritos arábigos que se conservan en la Escuela de Estudios Árabes de Granada</subfield><subfield code="a">p. 216-217</subfield></datafield><datafield tag="510" ind1="4" ind2=" "><subfield code="a">Manuscritos árabes y fondo antiguo de la Escuela de Estudios Arabes</subfield><subfield code="c">p. 103</subfield></datafield><datafield tag="520" ind1="2" ind2=" "><subfield code="a">Contenido: Al-Muṣḥaf al-Karīm</subfield></datafield><datafield tag="630" ind1="0" ind2="7"><subfield code="a">Corán</subfield><subfield code="v">Manuscritos.</subfield><subfield code="2">CSICAU</subfield></datafield><datafield tag="700" ind1="1" ind2=" "><subfield code="a">Zammūrī, Muḥammad b. Mubārak al-,</subfield><subfield code="e">cop.</subfield></datafield><datafield tag="740" ind1="3" ind2=" "><subfield code="a">Al-Muṣḥaf al-Karīm</subfield></datafield><datafield tag="775" ind1="1" ind2="8"><subfield code="w">990010090770204201</subfield><subfield code="t">المصحف الكريم [Microforma]</subfield></datafield><datafield tag="830" ind1=" " ind2="0"><subfield code="a">Manuscripta</subfield></datafield><datafield tag="856" ind1="4" ind2="1"><subfield code="u">http://aleph.csic.es/imagenes/mad01/0006_PMSC/P_001348426_780382_V00.pdf</subfield><subfield code="z">Descargar Pdf completo (72M)</subfield><subfield code="m">CSIC</subfield></datafield><datafield tag="856" ind1="4" ind2="1"><subfield code="u">http://simurg.bibliotecas.csic.es/viewer/image/CSIC001348426/1/</subfield><subfield code="z">Ver texto completo en SIMURG, el portal de fondos digitalizados del CSIC</subfield><subfield code="m">CSIC</subfield></datafield><datafield tag="856" ind1="4" ind2="1"><subfield code="u">http://aleph.csic.es/imagenes/mad01/0006_PMSC/html/001348426.html</subfield><subfield code="z">Ver texto completo en Bookreader</subfield></datafield></record></metadata></record>